<record><leader>00000cas a2200000Ma 4500</leader><controlfield tag="001">701514808</controlfield><controlfield tag="007">cr |n|||||||||</controlfield><controlfield tag="008">950623d18881900nbuwr n o     0    0eng d</controlfield><datafield ind1=" " ind2=" " tag="010"><subfield code="a">sn 95070057 </subfield></datafield><datafield ind1=" " ind2=" " tag="040"><subfield code="a">Nz</subfield><subfield code="b">eng</subfield><subfield code="c">Z5A</subfield><subfield code="d">HEBIS</subfield><subfield code="d">OCLCF</subfield><subfield code="d">OCLCO</subfield><subfield code="d">OCLCQ</subfield></datafield><datafield ind1="7" ind2=" " tag="016"><subfield code="a">2609804-0</subfield><subfield code="2">DE-600</subfield></datafield><datafield ind1=" " ind2=" " tag="043"><subfield code="a">n-us-nb</subfield></datafield><datafield ind1="0" ind2=" " tag="130"><subfield code="a">Norfolk weekly news (Online)</subfield></datafield><datafield ind1="1" ind2="4" tag="245"><subfield code="a">The Norfolk weekly news.</subfield></datafield><datafield ind1="1" ind2=" " tag="246"><subfield code="i">Publisher's box title:</subfield><subfield code="a">Norfolk news</subfield></datafield><datafield ind1=" " ind2=" " tag="260"><subfield code="a">Norfolk, Neb. :</subfield><subfield code="b">W. Huse &amp; Son,</subfield><subfield code="c">-1900.</subfield></datafield><datafield ind1=" " ind2=" " tag="310"><subfield code="a">Weekly</subfield></datafield><datafield ind1=" " ind2=" " tag="336"><subfield code="a">text</subfield><subfield code="b">txt</subfield><subfield code="2">rdacontent</subfield></datafield><datafield ind1=" " ind2=" " tag="337"><subfield code="a">computer</subfield><subfield code="b">c</subfield><subfield code="2">rdamedia</subfield></datafield><datafield ind1=" " ind2=" " tag="338"><subfield code="a">online resource</subfield><subfield code="b">cr</subfield><subfield code="2">rdacarrier</subfield></datafield><datafield ind1="0" ind2=" " tag="362"><subfield code="a">-Nov. 15, 1900.</subfield></datafield><datafield ind1="1" ind2=" " tag="362"><subfield code="a">Began in 1888.</subfield></datafield><datafield ind1=" " ind2=" " tag="500"><subfield code="a">Title from header.</subfield></datafield><datafield ind1=" " ind2=" " tag="515"><subfield code="a">Numbering dropped with Maay 2, 1895 issue.</subfield></datafield><datafield ind1=" " ind2=" " tag="530"><subfield code="a">Also issued in print.</subfield></datafield><datafield ind1=" " ind2=" " tag="538"><subfield code="a">Mode of access: World Wide Web.</subfield></datafield><datafield ind1=" " ind2=" " tag="580"><subfield code="a">Merged with: Norfolk journal (Norfolk, Neb.), to form: Norfolk weekly news-journal.</subfield></datafield><datafield ind1="0" ind2=" " tag="588"><subfield code="a">[Vol. 9, no. 14 (Dec. 6, 1888)].</subfield></datafield><datafield ind1=" " ind2="0" tag="651"><subfield code="a">Norfolk (Neb.)</subfield><subfield code="v">Newspapers.</subfield></datafield><datafield ind1=" " ind2="7" tag="651"><subfield code="a">Nebraska</subfield><subfield code="z">Norfolk.</subfield><subfield code="2">fast</subfield><subfield code="0">(OCoLC)fst01212024</subfield></datafield><datafield ind1=" " ind2="7" tag="655"><subfield code="a">Newspapers.</subfield><subfield code="2">fast</subfield><subfield code="0">(OCoLC)fst01423814</subfield></datafield><datafield ind1=" " ind2=" " tag="752"><subfield code="a">United States</subfield><subfield code="b">Nebraska</subfield><subfield code="c">Madison</subfield><subfield code="d">Norfolk.</subfield></datafield><datafield ind1="0" ind2=" " tag="775"><subfield code="t">Norfolk daily news</subfield><subfield code="w">(DLC)sn 95069930</subfield></datafield><datafield ind1="0" ind2="0" tag="780"><subfield code="t">Elkhorn Valley news</subfield><subfield code="w">(DLC)sn 95070056</subfield></datafield><datafield ind1="1" ind2="7" tag="785"><subfield code="t">Norfolk journal (Norfolk, Neb.)</subfield><subfield code="w">(DLC)sn 95070059</subfield></datafield><datafield ind1="1" ind2="7" tag="785"><subfield code="t">Norfolk weekly news-journal</subfield><subfield code="w">(DLC)sn 95070058</subfield></datafield><datafield ind1="4" ind2="0" tag="856"><subfield code="u">http://YU7RZ9HN8Y.search.serialssolutions.com/?V=1.0&amp;L=YU7RZ9HN8Y&amp;S=JCs&amp;C=TC0000390102&amp;T=marc</subfield></datafield><datafield ind1="0" ind2=" " tag="029"><subfield code="a">NZ1</subfield><subfield code="b">13540651</subfield></datafield><datafield ind1="1" ind2=" " tag="029"><subfield code="a">HEBIS</subfield><subfield code="b">261384910</subfield></datafield><datafield ind1="1" ind2=" " tag="029"><subfield code="a">NZ1</subfield><subfield code="b">16240240</subfield></datafield></record>